@misc{kristopher,
  author = "Kristopher Babic",
  title = "Cloth Modeling ",
  month = "April",
  year = "1999",
  howpublished = {\url{http://davis.wpi.edu/~matt/courses/cloth/}}
}

@misc{Karthikeyan,
  author = "Karthikeyan, P S and Ranganathan, P S",
  title = "Tutorial on Cloth Modelling",
  month = "May",
  year = "1998",
  note = {ACM Student Tutorial Contest}
  howpublished = {\url{http://www.webcitation.org/5kn0XzKwB}}
}

@article{Weil,
  author = "J. Weil",
  title = "The Synthesis of Cloth Objects",
  journal = "Computer Graphics",
  volume = 20,
  number = 4,
  year = "1986",
}

@techreport{Feynman,
  author = "C. Feynman",
  title = "Modelling the Appearance of Cloth",
  note = {Masters Thesis, Dept of EECS, Massachusetts Inst. of Technology},
  year = "1986",
  publisher={Cambridge}
}

@article{Breen,
  author = "David Breen",
  title = "A Particle-Based Model for Simulating the Draping Behaviour of Woven Cloth",
  journal = "Textile Research Journal",
  volume = 64,
  number = 11,
  year = "1994",
}
